%% Manuales
%----------------------------------------------------------------------------------------------------------------------------------------

@manual{ manual:SS,
       author = "SS",
       title = "Información General sobre cotización",
       year = "2020",
       url = {http://www.seg-social.es/wps/portal/wss/internet/Trabajadores/CotizacionRecaudacionTrabajadores/10721/10957/583},
       note = "\url{http://www.seg-social.es/wps/portal/wss/internet/Trabajadores/CotizacionRecaudacionTrabajadores/10721/10957/583}"
}

@manual{ lic:GPL3,
       author = "GNU",
       title = "Licencia GPL3",
       url = {https://www.gnu.org/licenses/gpl-3.0.html},
       note = "\url{https://www.gnu.org/licenses/gpl-3.0.html}"
}

@manual{ lic:CCbysa3,
       author = "Creative Commons",
       title = "Creative Commons by-sa 3.0",
       url = {https://creativecommons.org/licenses/by-sa/3.0/es/},
       note = "\url{https://creativecommons.org/licenses/by-sa/3.0/es/}"
}

@manual{ manual:GNU,
       author = "GNU",
       title = "Free Software Foundation, Inc",
       url = {https://commons.wikimedia.org/wiki/Commons:GNU_Free_Documentation_License,_version_1.2},
       note = "\url{https://commons.wikimedia.org/wiki/Commons:GNU_Free_Documentation_License,_version_1.2}"
}

@manual{ manual:Scrum,
       author = "Wikipedia",
       title = "Metodología Scrum",
       url = {https://en.wikipedia.org/wiki/Scrum_(software_development)},
       note = "\url{https://en.wikipedia.org/wiki/Scrum_(software_development)}"
}


%% Miscelánea
%----------------------------------------------------------------------------------------------------------------------------------------
@misc{ misc:Json,
       author = "ECMA",
       title = "JavaScript Object Notation",
       url = {https://www.json.org/json-es.html},
       note = "\url{https://www.json.org/json-es.html}"
}

@misc{ misc:Linux,
       author = "Linux",
       title = "Linux",
       url = {https://www.linux.org/},
       note = "\url{https://www.linux.org/}"
}

@misc{ wiki:latex,
       author = "Wikipedia",
       title = "LaTeX --- Wikipedia{,} La enciclopedia libre",
       url = {https://es.wikipedia.org/wiki/LaTeX},
       note = "\url{https://es.wikipedia.org/wiki/LaTeX}"
}

@misc{ misc:Python,
       author = "Python",
       title = "Python Software Foundation",
       url = {https://www.python.org},
       note = "\url{https://www.python.org}"
}

@misc{ misc:TelegramApp,
       author = "Telegram",
       title = "TelegramApp",
       url = {https://telegram.org/apps},
       note = "\url{https://telegram.org/apps}"
}

@misc{ misc:TelegramApi,
       author = "Telegram",
       title = "TelegramApi",
       url = {https://core.telegram.org/api},
       note = "\url{https://core.telegram.org/api}"
}

@misc{ misc:sonarcloud,
       author = "David",
       title = "SonarCloud",
       url = {https://sonarcloud.io/dashboard?id=davidelinformatico_TFG},
       note="\url{https://sonarcloud.io/dashboard?id=davidelinformatico_TFG}"
}

@misc{ misc:Milestone3,
       author = "David",
       title = "Presupuesto preliminar en milestone 3",
       url = {https://github.com/davidelinformatico/TFG/milestone/3?closed=1},
       note="\url{https://github.com/davidelinformatico/TFG/milestone/3?closed=1}"
}


@misc{ misc:Fritzing,
       author = "Fritzing",
       title = "Fritzing",
       url = {https://fritzing.org/download/},
       note = "\url{https://fritzing.org/download/}"
}

@misc{ misc:WikiLicencia,
       author = "Wikipedia",
       title = "Licencias Software",
       url = {https://es.wikipedia.org/wiki/Licencia_de_software},
       note="\url{https://es.wikipedia.org/wiki/Licencia_de_software}"
}

@misc{ wiki:Creative,
       author = "Creative Commons",
       title = "Norma Creative Commons",
       url = "https://creativecommons.org/licenses/by-sa/3.0/deed.es_ES",
       note = "\url{https://creativecommons.org/licenses/by-sa/3.0/deed.es_ES}"
}

@misc{ misc:UnicodeWikipedia,
       author = "Wikipedia",
       title = "Unicode-Wikipedia",
       url = "https://es.wikipedia.org/wiki/Unicode",
       note="\url{https://es.wikipedia.org/wiki/Unicode}"
}


@misc{ wiki:DefAWG,
       author = "Wikipedia",
       title = "Acalibre Americano - AWG",
       url = "https://es.wikipedia.org/wiki/Calibre_de_alambre_estadounidense",
       note = "\url{https://es.wikipedia.org/wiki/Calibre_de_alambre_estadounidense}",

}

@misc{ wiki:TablaAWG,
       author = "Pepegreen",
       title = "Tabla comparativa calibre AWG",
       url = "https://pepegreen.com/wp-content/uploads/TABLA-AWG.gif",
       note= "\url{https://pepegreen.com/wp-content/uploads/TABLA-AWG.gif}"
}


















