

%% Manuales
%----------------------------------------------------------------------------------------------------------------------------------------
@manual{ manual:REBT,
       author = "BOE",
       title = "Reglamento Electrotécnico de Baja Tensión",
       year = "2020",
       url = "https://www.boe.es/biblioteca_juridica/codigos/abrir_pdf.php?fich=326_Reglamento_electrotecnico_para_baja_tension_e_ITC.pdf",
       note = "\url{https://www.boe.es/biblioteca_juridica/codigos/abrir_pdf.php?fich=326_Reglamento_electrotecnico_para_baja_tension_e_ITC.pdf}"
}

@manual{ manual:ICT-BT-21,
       author = "BOE",
       title = "ICT-BT-21",
       url = "http://eschoform.educarex.es/useruploads/r/c/886/scorm_imported/88234455166233572664/media/guia_bt_21.pdf",
       note = "\url{http://eschoform.educarex.es/useruploads/r/c/886/scorm_imported/88234455166233572664/media/guia_bt_21.pdf}"
}

@manual{ manual:ICT,
       author = "BOE",
       title = "Normativa de ICT",
       url = "https://www.boe.es/buscar/pdf/2011/BOE-A-2011-10457-consolidado.pdf",
       note = "\url{https://www.boe.es/buscar/pdf/2011/BOE-A-2011-10457-consolidado.pdf}"
}

@manual{ manual:ICT-Televes,
       author = "BOE+Televés",
       title = "Normativa de ICT Televés",
       url = "https://docs.televes.com/web/Legislacion/m_ict2_3ed_reglamento_0.pdf",
       note = "\url{https://docs.televes.com/web/Legislacion/m_ict2_3ed_reglamento_0.pdf}"
}

@manual{ manual:IEEE802.11,
       author = "IEEE",
       title = "Normativa IEEE802.11",
       url = "https://standards.ieee.org/standard/802_11-2016.html",
       note = "\url{https://standards.ieee.org/standard/802_11-2016.html}"
}


@manual{ manual:GNU,
       author = "GNU",
       title = "Free Software Foundation, Inc",
       url = "https://commons.wikimedia.org/wiki/Commons:GNU_Free_Documentation_License,_version_1.2",
       note = "\url{https://commons.wikimedia.org/wiki/Commons:GNU_Free_Documentation_License,_version_1.2}"
}

@manual{ manual:Scrum,
       author = "Wikipedia",
       title = "Metodología Scrum",
       url = "https://en.wikipedia.org/wiki/Scrum_(software_development)",
       note = "\url{https://en.wikipedia.org/wiki/Scrum_(software_development)}"
}

@manual{ manual:568.1,
       author = "ANSI/TIA/EIA568",
       title = "ANSI/TIA/EIA568-General Requirements",
       url = "https://www.csd.uoc.gr/~hy435/material/TIA-EIA-568-B.1.pdf",
       note = "\url{https://www.csd.uoc.gr/~hy435/material/TIA-EIA-568-B.1.pdf}"
}

@manual{ manual:568.2,
       author = "ANSI/TIA/EIA",
       title = "ANSI/TIA/EIA568-Balanced Twisted-Pair Cabling Components",
       url = "https://www.csd.uoc.gr/~hy435/material/TIA-EIA-568-B.2.pdf",
       note = "\url{https://www.csd.uoc.gr/~hy435/material/TIA-EIA-568-B.2.pdf}"
}


%----------------------------------------------------------------------------------------------------------------------------------------
@misc{ misc:Json,
       author = "ECMA",
       title = "JavaScript Object Notation",
       url = "https://www.json.org/json-es.html",
       note = "\url{https://www.json.org/json-es.html}"
}

@misc{ misc:Linux,
       author = "Linux",
       title = "Linux",
       url = "https://www.linux.org/",
       note = "\url{https://www.linux.org/}"
}

@misc{ misc:OpenSource,
       author = "OpenSource",
       title = "OpenSource",
       url = "https://opensource.org/",
       note = "\url{https://opensource.org/}"
}

@misc{ wiki:latex,
       author = "Wikipedia",
       title = "LaTeX --- Wikipedia{,} La enciclopedia libre",
       url = "https://es.wikipedia.org/wiki/LaTeX",
       note = "\url{https://es.wikipedia.org/wiki/LaTeX}"
}

@misc{ wiki:Creative,
       author = "Creative Commons",
       title = "Norma Creative Commons",
       url = "https://creativecommons.org/licenses/by-sa/3.0/deed.es_ES",
       note = "\url{https://creativecommons.org/licenses/by-sa/3.0/deed.es_ES}"
}

@misc{ misc:Python,
       author = "BOE",
       title = "Python Software Foundation",
       url = "https://www.python.org",
       note = "\url{https://www.python.org}"
}

@misc{ misc:Scratch,
       author = "Grupo Lifelong Kindergarten del MIT Media Lab",
       title = "Scratch",
       url = "https://scratch.mit.edu/",
       note = "\url{https://scratch.mit.edu/}"
}

@misc{ misc:Java,
       author = "Oracle Technology Network ",
       title = "Java",
       url = "https://www.java.com/es/",
       note = "\url{https://www.java.com/es/}"
}

@misc{ misc:RbPWeb,
       author = "Raspberry Pi Foundation",
       title = "Raspberry Pi Foundation",
       url = "https://www.raspberrypi.org/",
       note = "\url{https://www.raspberrypi.org/}"
}

@misc{ misc:BujarraGPIO,
       author = "Bujarra.com",
       title = "RbP uso de relé y detector de movimiento",
       url = "https://www.bujarra.com/raspberry-pi-uso-de-rele-y-detector-de-movimiento/",
       note = "\url{https://www.bujarra.com/raspberry-pi-uso-de-rele-y-detector-de-movimiento/}"
}

@misc{ misc:programoergosum,
       author = "programoergosum.com",
       title = "Control de GPIO con Python en Raspberry Pi",
       url = "https://www.programoergosum.com/cursos-online/raspberry-pi",
       note = "\url{https://www.programoergosum.com/cursos-online/raspberry-pi}"
}

@misc{ misc:TFG_Salamanca,
       author = "Alberto Vaquero Pedruelo",
       title = "Interacción remota para elementos de un hogar mediante una red de sensores actuadores",
       note = "[TFG] - Para más información comunicarse con los tutores"
}

@misc{ misc:descubrearduino,
       author = "https://descubrearduino.com",
       title = "¿Qué es un microcontrolador? Introducción para principiantes",
       note = "\url{https://descubrearduino.com}"
}

@inproceedings{inproceedings:CitaDomotica,
    author = "Musaddiq, Arslan and Amin, Farhan and Zikria, Yousaf and Bajracharya, Rojeena and Kim, Sung",
    year = {2017},
    month = {05},
    title = {RASPBERRY PI-BASED SMART HOME AUTOMATION SYSTEM FOR INTERNET OF THINGS}
}

@misc{ wiki:DefAWG,
       author = "Wikipedia",
       title = "Acalibre Americano - AWG",
       url = "https://es.wikipedia.org/wiki/Calibre_de_alambre_estadounidense",
       note = "\url{https://es.wikipedia.org/wiki/Calibre_de_alambre_estadounidense}"
}

@misc{ wiki:TablaAWG,
       author = "Pepegreen",
       title = "Tabla comparativa calibre AWG",
       url = "https://pepegreen.com/wp-content/uploads/TABLA-AWG.gif",
       note = "\url{https://pepegreen.com/wp-content/uploads/TABLA-AWG.gif}"
}


